@book{gries,
year={2012},
title={The Science of Programming},
url={https://play.google.com/store/books/details?id=QFrlBwAAQBAJ},
publisher={Springer Science \& Business Media},
author={David Gries}
}

@book{broda,
year={1994},
title={Reasoned Programming},
url={https://books.google.com/books/about/Reasoned_Programming.html?hl=&id=aBd0QgAACAAJ},
publisher={Prentice Hall Direct},
author={Krysia Broda, Susan Eisenbach}
}

@book{pezze,
year={2008},
title={Software Testing and Analysis},
url={https://books.google.com/books/about/Software_Testing_and_Analysis.html?hl=&id=mjEiAQAAIAAJ},
publisher={John Wiley \& Sons Incorporated},
author={Mauro Pezze, Michal Young}
}

@book{cpp,
year={2000},
title={The C++ Programming Language},
url={https://books.google.com/books/about/The_C++_Programming_Language.html?hl=&id=Bk4iAQAAIAAJ},
publisher={Addison-Wesley Professional},
author={Bjarne Stroustrup}
}