@book{gallian,
    title = {Contemporary Abstract Algebra},
    author = {Joseph  A. Gallian},
    isbn = {9781003182306},
    series = {Textbooks in Mathematics},
    year = {2017},
    publisher = {Chapman \& Hall\/CRC Press},
    keywords = {algebra}
}

@book{lang,
    title = {Algebra},
    author = {Serge Lang},
    isbn = {9781461300427},
    series = {Graduate Texts in Mathematics},
    year = {2005},
    publisher = {Springer},
    keywords = {algebra}
}

@book{mclane,
    title = {A Survey of Modern Algebra},
    author = {Garret Birkhoff, Saunders Mac Lane},
    isbn = {9781351991735},
    year = {2010},
    publisher = {CRC Press},
    keywords = {algebra}
}


@book{artin,
    title = {Algebra},
    author = {Michael Artin},
    isbn = {9780130047632},
    year = {1991},
    publisher = {Prentice Hall},
    keywords = {algebra}
}

@book{dummit,
    title = {Abstract Algebra},
    author = {David S. Dummit, Richard M. Foote},
    isbn = {9780470386286},
    year = {2003},
    publisher = {Prentice Hall},
    keywords = {algebra}
}

@book{teresa,
    title = {Álgebra I},
    author = {Teresa Krick},
    series = {Cursos de grado},
    issn = {1851-1295},
    year = {2017},
    publisher = {Departamento de Matemática, Facultad de Ciencias Exactas y Naturales},
    keywords = {algebra}
}

@misc{sasyk,
  author        = {Román Sasyk},
  title         = {Álgebra \textsc{1}, primer cuatrimestre},
  year          = {2022},
  publisher={Universidad de Buenos Aires, Facultad de Ciencias Exactas}
}


@inbook{knuth-fa,
    author = "Donald E. Knuth",
    title = "Fundamental Algorithms",
    publisher = "Addison-Wesley",
    year = "1973",
    chapter = "1.2",
    keywords  = "knuth,programming"
}